@MISC{SuDra:2014:Misc,
author = {Silurian Software Limited},
title = {Origin of Sudoku},
month = mar,
year = {2014},
howpublished={\url{http://www.sudokudragon.com/company.htm}}
}
@MISC{Wolf2014,
author = {Pegg, Ed Jr. and Weisstein, Eric W.},
title = {Sudoku},
organization = {MathWorld--A Wolfram Web Resource},
month = mar,
year = {2014},
howpublished={\url{http://mathworld.wolfram.com/Sudoku.html}}
}
@BOOK{Quinlan1993,
	AUTHOR = {Quinlan, Ross AND Quinlan, J. R.},
	YEAR = {1993},
	TITLE = {C4.5 - Programs for Machine Learning},
	EDITION = {Revised, Update.},
	ISBN = {978-1-558-60238-0},
	PUBLISHER = {Morgan Kaufmann},
	ADDRESS = {San Francisco, Calif},
}